@online{Ref:Drone1,
  author = {ScienceDaily},
  title = {Shape-shifting robot plane offers safer alternative for maritime rescue},
  year = 2010,
  url = {http://www.sciencedaily.com/releases/2010/08/100826103835.htm},
  urldate = {18/05-2015}
}


@online{Ref:Drone2,
  author = {Politikken},
  title = {18-årig fundet druknet to uger efter kæntring},
  year = 2013,
  url = {http://politiken.dk/indland/ECE1963367/18-aarig-fundet-druknet-to-uger-efter-kaentring/},
  urldate = {18/05-2015}
}

@INPROCEEDINGS{Ref:DroneResearch1, 
author={Waharte, S. and Trigoni, N.}, 
booktitle={Emerging Security Technologies (EST), 2010 International Conference on}, 
title={Supporting Search and Rescue Operations with UAVs}, 
year={2010}, 
month={Sept}, 
pages={142-147}, 
keywords={aerospace robotics;mobile robots;optimisation;remotely operated vehicles;UAV energy limitations;environmental hazards;information coordination;information exchange;optimization criterion;search-and-rescue operation;sensory data quality;unmanned aerial vehicles;Computational modeling;Hazards;Markov processes;Optimization;Sensors;Unmanned aerial vehicles;Wireless sensor networks}, 
doi={10.1109/EST.2010.31},}


@INPROCEEDINGS{Ref:DroneResearch2, 
author={Goodrich, M.A. and Cooper, J.L. and Adams, J.A. and Humphrey, C. and Zeeman, R. and Buss, B.G.}, 
booktitle={Safety, Security and Rescue Robotics, 2007. SSRR 2007. IEEE International Workshop on}, 
title={Using a Mini-UAV to Support Wilderness Search and Rescue: Practices for Human-Robot Teaming}, 
year={2007}, 
month={Sept}, 
pages={1-6}, 
keywords={emergency services;man-machine systems;mobile robots;remotely operated vehicles;service robots;user interfaces;human-robot search teams;mini-UAV;operator control unit;rescue robot;search algorithms;unmanned aerial vehicles;wilderness search robot;Aircraft;Algorithm design and analysis;Conferences;Information analysis;Motorcycles;Robot sensing systems;Safety;Security;Topology;Unmanned aerial vehicles}, 
doi={10.1109/SSRR.2007.4381284},}

@online{Ref:Drone3,
  author = {DanDrone},
  title = {Drone til Beredskab},
  url = {http://dandrone.dk/shop/drone-til-beredskab-223p.html},
  urldate = {18/05-2015}
}

@online{Ref:Drone4,
  author = {Åke Refsdal Moe},
  title = {Droner: reddende engler i Arktis?},
  url = {http://teknologiradet.no/sikkerhet-og-personvern/droner/droner-reddende-engler-i-arktis/},
  urldate = {18/05-2015}
}

@online{Ref:dji,
  author = {dji},
  title = {dji PHANTOM},
  url = {http://www.dji.com/product/phantom-2},
  urldate = {18/05-2015}
}

@online{Ref:3dr,
  author = {3DR Robotics},
  title = {Iris+},
  url = {https://store.3drobotics.com/products/iris},
  urldate = {18/05-2015}
}

@online{Ref:px4,
  author = {Pixhawk},
  title = {px4 autopilot},
  url = {https://pixhawk.org/choice},
  urldate = {18/05-2015}
}

@online{Ref:FrSky,
  author = {FrSky},
  title = {D4R-2},
  url = {http://www.frsky-rc.com/product/pro.php?pro_id=24},
  urldate = {18/05-2015}
}

@online{Ref:Telem,
  author = {3DR},
  title = {3DR Radio v2},
  url = {http://copter.ardupilot.com/wiki/common-optional-hardware/common-telemetry-landingpage/common-3dr-radio-version-2/},
  urldate = {18/05-2015}
}

@online{Ref:MAVLink,
  author = {qgroundcontrol},
  title = {MAVLink Micro Air Vehicle Communication Protocol},
  note = {\url{http://qgroundcontrol.org/mavlink/start}},
  urldate = {18/05-2015}
}